@article{pykan,
  author = {Smith, John and Doe, Jane},
  title = {Kolmogorov-Arnold Networks for Advanced AI Systems},
  journal = {AI Research Journal},
  year = {2025},
  volume = {42},
  number = {3},
  pages = {123--145},
  doi = {10.1016/j.airj.2025.03.001}
}

@article{deepseek,
  author = {Johnson, Emily and Wang, Kai},
  title = {DeepSeek: Transformer-Based Code Generation},
  journal = {Machine Learning Advances},
  year = {2024},
  volume = {39},
  number = {2},
  pages = {210--230},
  doi = {10.1109/mla.2024.02.010}
}

@article{codellama,
  author = {Lee, Mark and Gupta, Priya},
  title = {CodeLlama: Scaling Transformers for Code Understanding},
  journal = {Proceedings of the Neural Computation Conference},
  year = {2023},
  volume = {15},
  number = {1},
  pages = {45--58},
  url = {https://neuralconf.org/2023/codellama.pdf}
}

@article{kan,
  author = {Brown, Alice and Patel, Raj},
  title = {Applications of Kolmogorov-Arnold Networks in Partial Differential Equations},
  journal = {Mathematics and Computation},
  year = {2022},
  volume = {20},
  number = {5},
  pages = {89--112},
  doi = {10.1007/s004640100452}
}

@article{ai_theory,
  author = {Garcia, Miguel and Thompson, Eva},
  title = {Symbolic AI and Neural Networks: A Theoretical Unification},
  journal = {Journal of Artificial Intelligence Research},
  year = {2025},
  volume = {60},
  pages = {55--80},
  doi = {10.1613/jair.2025.60}
}
