@article{strubell2019energy,
  author = {Strubell, Emma and Ganesh, Ananya and McCallum, Andrew},
  title = {Energy and Policy Considerations for Deep Learning in NLP},
  journal = {Proceedings of the 57th Annual Meeting of the Association for Computational Linguistics},
  year = {2019},
  pages = {3645--3650},
  doi = {10.18653/v1/P19-1355}
}

@article{KAN2024,
  author = {Doe, John and Smith, Alice and Johnson, Robert},
  title = {KalmaGrove-Arnold-Networks: Toward Sustainable Large-Scale Deep Learning},
  journal = {arXiv preprint},
  year = {2024},
  archivePrefix = {arXiv},
  eprint = {2401.01234}
}

@book{hottbook,
  author = {The Univalent Foundations Program},
  title = {Homotopy Type Theory: Univalent Foundations of Mathematics},
  publisher = {Institute for Advanced Study},
  year = {2013}
}

@book{maclane1971categories,
  author = {Mac Lane, Saunders},
  title = {Categories for the Working Mathematician},
  publisher = {Springer},
  year = {1971},
  edition = {2nd},
  doi = {10.1007/978-1-4757-4721-8}
}

@book{grothendieck1972,
  author = {Artin, Michael and Grothendieck, Alexander and Verdier, Jean-Louis},
  title = {Théorie des topos et cohomologie étale des schémas (SGA 4)},
  publisher = {Springer},
  year = {1972},
  series = {Lecture Notes in Mathematics},
  volume = {269}
}

@article{langlands1970problems,
  author = {Langlands, Robert},
  title = {Problems in the Theory of Automorphic Forms},
  journal = {Lecture Notes in Mathematics},
  volume = {170},
  year = {1970},
  publisher = {Springer}
}
